<?xml version="1.0" encoding="UTF-8"?><collection xmlns="http://www.loc.gov/MARC21/slim"><record><leader>00469nam--2200169-i-4500</leader><controlfield tag="001">000037445</controlfield><controlfield tag="002">20161230</controlfield><controlfield tag="005">20170221174425</controlfield><controlfield tag="008">060222s1000------------r-----000-0-eng-d</controlfield><datafield ind1=" " ind2=" " tag="100"><subfield code="a">Quadrat, Otakar</subfield></datafield><datafield ind1=" " ind2=" " tag="245"><subfield code="a">Sur un nouveau dilatometre differentiel</subfield></datafield><datafield ind1=" " ind2=" " tag="260"><subfield code="a">[Paris]</subfield><subfield code="c">1933</subfield></datafield><datafield ind1=" " ind2=" " tag="300"><subfield code="a">8 p</subfield></datafield><datafield ind1=" " ind2=" " tag="490"><subfield code="a">Extrait Du Douzieme Congres De Chimie Industrielle, 25 Sept.-3 Oct., 1932</subfield></datafield><datafield ind1=" " ind2=" " tag="700"><subfield code="a">Pospisil, Rudolf</subfield></datafield><datafield ind1=" " ind2=" " tag="852"><subfield code="a">2019</subfield></datafield><datafield ind1=" " ind2=" " tag="CAT"><subfield code="a">SYS</subfield><subfield code="c">20170221</subfield><subfield code="h">174425</subfield></datafield></record></collection>